% Mathematics

@book{MAT-01160,
	author={Janne Kauhanen},
    title={Insinöörimatematiikka 1},
    organization={TTY Matematiikan laitos},
    year={2014},
}

@book{MAT-01360,
	author={Janne Kauhanen},
	title={Insinöörimatematiikka 3},
	organization={TTY Matematiikan laitos},
	year={2015-2016},
}

@book{MAT-02450,
	author={Merja Laaksonen},
	title={Fourier'n menetelmät},
	organization={TTY},
	year={2017},
}

@book{MAT-60000,
	author={Seppo Pohjolainen, Lassi Paunonen},
    title={MAT-60000 Matriisilaskenta 1},
    organization={TTY Matematiikan laitos},
    year={2013},
}

@book{MAT-60150,
	author={Heikki Orelma},
	title={Lineaariset differentiaaliyhtälösysteemit},
	year={2016},
	month={tammikuu},
}


% Physics

@misc{IAU-Measuring,
	title={Measuring the Universe},
	organization={International Astronomical Union},
	url={https://www.iau.org/public/themes/measuring/},
}

@book{JohdatusTaivaanmekaniikkaan,
	author={Hannu Karttunen},
	title={Johdatus Taivaanmekaniikkaan},
	publisher={URSA},
	edition={2nd},
	year={2015},
	url={https://www.ursa.fi/kauppa/tuote/johdatus-taivaanmekaniikkaan/},
}

@book{ModernPhysics,
	author={Paul A. Tipler and Ralph A. Llewellyn},
    title={Modern Physics},
    publisher={W.H. Freeman and Company},
    year={2012},
    edition={6th international},
}

@misc{ModernPhysicsExtra,
	url={http://www.macmillanlearning.com/Catalog/studentresources/tiplermodernphysics6e},
}

@misc{NIST-Constants,
	title="{The NIST Reference on Constants, Units, and Uncertainty}",
	institution={National Institute of Standards and Technology},
	url={http://physics.nist.gov/constants},
	month={lokakuu},
	year={2016},
}

@misc{Physics227,
	title={Physics 227 -kurssimateriaali},
	institution={University of Washington},
	url={https://faculty.washington.edu/seattle/physics227/},
	year={2009},
}

@book{UPhysics,
	author={Michael Mansfield and Colm O'Sullivan},
    title={Understanding Physics},
    publisher={Wiley},
    year={2011},
    edition={2nd},
	url={http://eu.wiley.com/WileyCDA/WileyTitle/productCd-EHEP001906.html},
}

@book{SSED,
	author={Ben G. Streetman and Sanjay Kumar Banerjee},
	title={Solid State Electronic Devices},
	publisher={Pearson Education},
	year={2006},
	edition={5th},
}


% Chemistry

@misc{PhyChem,
	author={Elina Vuorimaa-laukkanen},
	title="{TUT KEB-62210 Fysikaalinen kemia 1 -luentokalvot ja kaavakokoelma}",
	year={2017},
	url={https://moodle2.tut.fi/course/view.php?id=7664},
}

@book{Zumdahl,
	author={Steven S. Zumdahl, Susan A. Zumdahl},
	title={Chemistry},
	publisher={Cengage Learning},
	year={2014},
	edition={9th},
	url={http://www.cengage.com/search/productOverview.do?Ntt=chemistry+9th|15991359291154459024595578426825539457&N=16&Nr=16&Ntk=APG|P_EPI&Ntx=mode+matchallpartial},
}


% Misc

@book{MAOL,
	author="{Raimo Seppänen, Leena Mannila, Matti Kervinen, Irma Parkkila, Pasi Konttinen, Lea Karkela, Tuomas Yli-kokko}",
    title={MAOL-taulukot},
    publisher={Otava},
    year={2013},
	url={https://otava.fi/oppimateriaalit/lukio/maol-taulukot/},
}

@misc{Virhearvio,
	organization={Tampereen teknillinen yliopisto},
    title={Virheiden ja tulosten analysoiminen},
    year={2013},
    month={joulukuu},
    url={https://moodle2.tut.fi},
    note={Moodle > FYS-1010 > Työselostusten laatiminen ja sen palauttaminen > Ohje virhearvion laatimiseen [5.9.2016]},
}
